@book{IEEE-1363,
  author =       {{IEEE Std 1363-2000}},
  title =        {{IEEE} Standard Specifications for Public-Key Cryptography},
  address =      {New York},
  publisher =    {IEEE},
  year =         2000
}

@inproceedings{kocher99,
  author =       {C. Kocher and J. Jaffe and B. Jun},
  title =        {Differential Power Analysis},
  editor =       {M. Wiener},
  booktitle =    {Advances in Cryptology ({CRYPTO}~'99)},
  series =       {Lecture Notes in Computer Science},
  volume =       1666,
  pages =        {388-397},
  publisher =    {Springer-Verlag},
  month =        {August},
  year =         1999
}

@incollection{Krasnogor2004e,
  author =       {N. Krasnogor},
  title =        {Towards robust memetic algorithms},
  booktitle =    {Recent Advances in Memetic Algorithms},
  publisher =    {Springer Berlin Heidelberg},
  year =         2004,
  pages =        {185-207},
  editor =       {W.E. Hart and N. Krasnogor and J.E. Smith},
  volume =       166,
  series =       {Studies in Fuzziness and Soft Computing},
  address =      {New York},
}


@inbook{clzs,
  author =       {阎真},
  title =        {沧浪之水},
  chapter =      {大人物还是讲人情的},
  pages =        {185-207},
  publisher =    {人民文学出版社},
  year =         2001,
  language =     "chinese",
}


@article{ELIDRISSI94,
  author =       "{Chafik El Idrissi}, M. and {Roney}, A. and {Frigon}, C. and
                  {Larzilli{\`e}re}, M.",
  title =        "Measurements of total kinetic-energy released to the {$N=2$}
                  dissociation limit of {H}$_2$ --- evidence of the dissociation
                  of very high vibrational {R}ydberg states of {H}$_2$ by
                  doubly-excited states",
  journal =      "Chemical Physics Letters",
  pages =        "260-266",
  volume =       224,
  number =       10,
  year =         1994,
}



@TechReport{NPB2,
  title =        {The {NAS} Parallel Benchmarks 2.0},
  author =       {Alex Woo and David Bailey and Maurice Yarrow and Wijngaart
                  Wijngaart and Tim Harris and William Saphir},
  year =         1995,
  month =        dec # "~05",
  institution =  "The Pennsylvania State University CiteSeer Archives",
  url =          "http://www.nasa.org/"
}


@mastersthesis{zhubajie,
  author =       {猪八戒},
  title =        {论流体食物的持久保存},
  school =       {广寒宫大学},
  year =         2005,
  address =      {北京},
  language =     "chinese",
}

@phdthesis{shaheshang,
  author =       {沙和尚},
  title =        {论流沙河的综合治理},
  school =       {清华大学},
  year =         2005,
  address =      {北京},
  language =     "chinese",
}


@online{chuban2001,
  author =      {萧钰},
  title =       {出版业信息化迈入快车道},
  modifydate =  {2001-12-19},
  citedate =    {2002-04-15},
  url =         {http://www.creader.com/news/200112190019.htm},
  language =    "chinese",
}
